@Misc{manifesto:01,
  title = {Manifesto for Agile Software Development},
  author = {Beck, K. and others},
  howpublished = {\url{http://www.agilemanifesto.org}},
  year = {2001},
}

@Book{ohno:88,
  author = {Ohno, T. and Bodek, N.},
  title = {Toyota production system: beyond large-scale production},
  publisher = {Productivity Press},
  year = {1988}
}

@Book{retrospectives:06,
  author = {Derby, E. and Larsen, D.},
  title = {Agile Retrospectives: Making Good Teams Great},
  publisher = {The Pragmatic Bookshelf},
  address = {Dallas},
  year = {2006}
}

@Book{fun:14,
  author = {Caroli, P. and Caetano, T.},
  title = {Fun Retrospectives: Activities and ideas for making agile retrospectives more engaging},
  publisher = {Leanpub},
  year = {2014}
}

@Book{handbook:13,
  author = {Kua, P.},
  title = {The Retrospective Handbook: A guide for agile teams},
  publisher = {Leanpub},
  year = {2013}
}

@Booklet{version:12,
  title = {7th Annual State of Agile Survey},
  author = {{Version One}},
  howpublished = {\url{www.versionone.com/pdf/7th-Annual-State-of-Agile-Development-Survey.pdf}},
  address={Alpharetta, Georgia},
  year = {2012},
}

@Booklet{version:15,
  title = {10th Annual State of Agile Report},
  author = {{Version One}},
  howpublished = {\url{https://versionone.com/pdf/VersionOne-10th-Annual-State-of-Agile-Report.pdf}},
  address={Alpharetta, Georgia},
  year = {2015},
}

@Misc{chaos:15,
  title = {The Chaos Report},
  author = {{Standish Group}},
  year = {2015},
}

@article{gsd:09,
    author    = {Hossain, E. and Babar, M. and Paik, H.},
    title     = {Using Scrum in Global Software Development: A Systematic Literature Review},
    journal   = {4th IEEE International Conference on Global Software Engineering},
    year      = {2009}
}

@Booklet{scrum:13,
  title = {The State of Scrum: Benchmarks and Guidelines},
  author = {{Scrum Alliance}},
  howpublished = {\url{https://www.scrumalliance.org/why-scrum/state-of-scrum-report/2013-state-of-scrum}},
  address={Westminster},
  year = {2013},
}

@Booklet{scrum:15,
  title = {The 2015 State of Scrum Report},
  author = {{Scrum Alliance}},
  howpublished = {\url{https://www.scrumalliance.org/why-scrum/state-of-scrum-report/2015-state-of-scrum}},
  address={Westminster},
  year = {2015},
}

@article{berczuk:07,
    author    = {Berczuk, S.},
    title     = {Back to Basics: The Role of Agile Principles in Success with an Distributed Scrum Team},
    journal   = {Agile Conference},
    year      = {2007}
}

@Misc{poussaard:14,
  title = {Classifying Retrospectives to get the best of it},
  author = {Poussaard, P},
  howpublished = {\url{http://www.benlinders.com/2014/guest-blog-classifying-retrospectives-to-get-the-best-of-it}},
  year = {2014}
}

@article{vax:08,
    author    = {Vax, M. and Michaud, S.},
    title     = {Distributed Agile: Growing a Practice Together},
    journal   = {Toronto, In Proceedings of Agile Conference},
    year      = {2008}
}